<?xml version="1.0" encoding="UTF-8"?><collection xmlns="http://www.loc.gov/MARC21/slim"><record><leader>00408nam--2200133-i-4500</leader><controlfield tag="001">000013775</controlfield><controlfield tag="002">20161230</controlfield><controlfield tag="005">20161230201030</controlfield><controlfield tag="008">060222s1000------------r-----000-0-eng-d</controlfield><datafield ind1=" " ind2=" " tag="100"><subfield code="a">Aaboe, Asger</subfield></datafield><datafield ind1=" " ind2=" " tag="245"><subfield code="a">Hamilton, norman t</subfield></datafield><datafield ind1=" " ind2=" " tag="260"><subfield code="a">Contribution To The Study Of Babylonnian Lunar Theory</subfield></datafield><datafield ind1=" " ind2=" " tag="490"><subfield code="a">Det Kongelige Danske Videnskabernes Selskab Matematisk-fysike Meddeseser</subfield></datafield><datafield ind1=" " ind2=" " tag="852"><subfield code="a">521.85:523.3(047.3)</subfield></datafield></record></collection>